


@ARTICLE{Asplund2009,
       author = {{Asplund}, M. and {Grevesse}, N. and {Sauval}, A.~J. and
        {Scott}, P.},
        title = "{The Chemical Composition of the Sun}",
      journal = {\araa},
     keywords = {Astrophysics - Solar and Stellar Astrophysics, Astrophysics - Earth and
        Planetary Astrophysics},
         year = 2009,
        month = Sep,
       volume = {47},
        pages = {481-522},
          doi = {10.1146/annurev.astro.46.060407.145222},
archivePrefix = {arXiv},
       eprint = {0909.0948},
       adsurl = {https://ui.adsabs.harvard.edu/#abs/2009ARA&A..47..481A},
      adsnote = {Provided by the SAO/NASA Astrophysics Data System}
}


@ARTICLE{1981PASP...93....5B,
       author = {{Baldwin}, J.~A. and {Phillips}, M.~M. and {Terlevich}, R.},
        title = "{Classification parameters for the emission-line spectra of extragalactic objects.}",
      journal = {\pasp},
     keywords = {Astronomical Spectroscopy, Emission Spectra, Line Spectra, Quasars, Seyfert Galaxies, Classifications, H Ii Regions, Photoionization, Planetary Nebulae, Shock Heating, Astrophysics},
         year = 1981,
        month = Feb,
       volume = {93},
        pages = {5-19},
          doi = {10.1086/130766},
       adsurl = {https://ui.adsabs.harvard.edu/abs/1981PASP...93....5B},
      adsnote = {Provided by the SAO/NASA Astrophysics Data System}
}

@ARTICLE{2004ApJS..155..101B,
       author = {{Blair}, William P. and {Long}, Knox S.},
        title = "{An Optical Survey of Supernova Remnants in M83}",
      journal = {\apjs},
     keywords = {Galaxies: Individual: Messier Number: M83, Galaxies: ISM, ISM: H II Regions, ISM: Supernova Remnants},
         year = 2004,
        month = Nov,
       volume = {155},
       number = {1},
        pages = {101-121},
          doi = {10.1086/423958},
       adsurl = {https://ui.adsabs.harvard.edu/abs/2004ApJS..155..101B},
      adsnote = {Provided by the SAO/NASA Astrophysics Data System}
}


@ARTICLE{2002ApJ...577...31C,
       author = {{Ciardullo}, Robin and {Feldmeier}, John J. and {Jacoby}, George H. and
         {Kuzio de Naray}, Rachel and {Laychak}, Mary Beth and
         {Durrell}, Patrick R.},
        title = "{Planetary Nebulae as Standard Candles. XII. Connecting the Population I and Population II Distance Scales}",
      journal = {\apj},
     keywords = {Cosmology: Cosmological Parameters, Cosmology: Distance Scale, Galaxies: Distances and Redshifts, ISM: Planetary Nebulae: General, Astrophysics},
         year = 2002,
        month = Sep,
       volume = {577},
       number = {1},
        pages = {31-50},
          doi = {10.1086/342180},
archivePrefix = {arXiv},
       eprint = {astro-ph/0206177},
 primaryClass = {astro-ph},
       adsurl = {https://ui.adsabs.harvard.edu/abs/2002ApJ...577...31C},
      adsnote = {Provided by the SAO/NASA Astrophysics Data System}
}


@ARTICLE{2008ApJ...683..630H,
       author = {{Herrmann}, Kimberly A. and {Ciardullo}, Robin and {Feldmeier}, John J. and
         {Vinciguerra}, Matt},
        title = "{Planetary Nebulae in Face-On Spiral Galaxies. I. Planetary Nebula Photometry and Distances}",
      journal = {\apj},
     keywords = {distance scale, galaxies: distances and redshifts, planetary nebulae: general, Astrophysics},
         year = 2008,
        month = Aug,
       volume = {683},
       number = {2},
        pages = {630-643},
          doi = {10.1086/589920},
archivePrefix = {arXiv},
       eprint = {0805.1074},
 primaryClass = {astro-ph},
       adsurl = {https://ui.adsabs.harvard.edu/abs/2008ApJ...683..630H},
      adsnote = {Provided by the SAO/NASA Astrophysics Data System}
}



@ARTICLE{1989PASP..101..616H,
       author = {{Howell}, Steve B.},
        title = "{Two-Dimensional Aperture Photometry: Signal-to-Noise Ratio of Point-Source Observations and Optimal Data-Extraction Techniques}",
      journal = {\pasp},
     keywords = {Apertures, Astronomical Photometry, Charge Coupled Devices, Data Processing, Point Sources, Signal To Noise Ratios, Background Radiation, Optimization, Pixels, Poisson Equation, Astronomy, PHOTOMETRY, ANALYTICAL METHODS},
         year = 1989,
        month = Jun,
       volume = {101},
        pages = {616},
          doi = {10.1086/132477},
       adsurl = {https://ui.adsabs.harvard.edu/abs/1989PASP..101..616H},
      adsnote = {Provided by the SAO/NASA Astrophysics Data System}
}

@ARTICLE{1989ApJ...339...39J,
       author = {{Jacoby}, George H.},
        title = "{Planetary Nebulae as Standard Candles. I. Evolutionary Models}",
      journal = {\apj},
     keywords = {Astronomical Models, Evolution (Development), Galaxies, Luminosity, Planetary Nebulae, Electron Energy, Emission Spectra, H Beta Line, Mass Distribution, Standards, Stellar Mass, Time Dependence, Astrophysics, GALAXIES: DISTANCES, LUMINOSITY FUNCTION, NEBULAE: PLANETARY},
         year = 1989,
        month = Apr,
       volume = {339},
        pages = {39},
          doi = {10.1086/167274},
       adsurl = {https://ui.adsabs.harvard.edu/abs/1989ApJ...339...39J},
      adsnote = {Provided by the SAO/NASA Astrophysics Data System}
}

@ARTICLE{1989ApJ...344..704J,
       author = {{Jacoby}, George H. and {Ciardullo}, Robin and {Ford}, Holland C. and
         {Booth}, John},
        title = "{Planetary Nebulae as Standard Candles. III. The Distance to M81}",
      journal = {\apj},
     keywords = {Astrometry, Planetary Nebulae, Spiral Galaxies, Astronomical Photometry, Distance, H Ii Regions, Interstellar Extinction, Luminosity, Astrophysics, GALAXIES: DISTANCES, GALAXIES: INDIVIDUAL MESSIER NUMBER: M81, LUMINOSITY FUNCTION, NEBULAE: PLANETARY},
         year = 1989,
        month = Sep,
       volume = {344},
        pages = {704},
          doi = {10.1086/167835},
       adsurl = {https://ui.adsabs.harvard.edu/abs/1989ApJ...344..704J},
      adsnote = {Provided by the SAO/NASA Astrophysics Data System}
}

@ARTICLE{2003MNRAS.346.1055K,
   author = {{Kauffmann}, G. and {Heckman}, T.~M. and {Tremonti}, C. and 
	{Brinchmann}, J. and {Charlot}, S. and {White}, S.~D.~M. and 
	{Ridgway}, S.~E. and {Brinkmann}, J. and {Fukugita}, M. and 
	{Hall}, P.~B. and {Ivezi{\'c}}, {\v Z}. and {Richards}, G.~T. and 
	{Schneider}, D.~P.},
    title = "{The host galaxies of active galactic nuclei}",
  journal = {\mnras},
   eprint = {astro-ph/0304239},
 keywords = {galaxies: active, galaxies: Seyfert, galaxies: starburst, galaxies: stellar content, galaxies: structure},
     year = 2003,
    month = dec,
   volume = 346,
    pages = {1055-1077},
      doi = {10.1111/j.1365-2966.2003.07154.x},
   adsurl = {https://ui.adsabs.harvard.edu/abs/2003MNRAS.346.1055K},
  adsnote = {Provided by the SAO/NASA Astrophysics Data System}
}


@ARTICLE{2001ApJ...556..121K,
       author = {{Kewley}, L.~J. and {Dopita}, M.~A. and {Sutherland}, R.~S. and
         {Heisler}, C.~A. and {Trevena}, J.},
        title = "{Theoretical Modeling of Starburst Galaxies}",
      journal = {\apj},
     keywords = {Galaxies: Starburst, Radiation Mechanisms: Thermal, Astrophysics},
         year = 2001,
        month = Jul,
       volume = {556},
       number = {1},
        pages = {121-140},
          doi = {10.1086/321545},
archivePrefix = {arXiv},
       eprint = {astro-ph/0106324},
 primaryClass = {astro-ph},
       adsurl = {https://ui.adsabs.harvard.edu/abs/2001ApJ...556..121K},
      adsnote = {Provided by the SAO/NASA Astrophysics Data System}
}


@ARTICLE{2001ApJS..132...37K,
       author = {{Kewley}, L.~J. and {Heisler}, C.~A. and {Dopita}, M.~A. and
         {Lumsden}, S.},
        title = "{Optical Classification of Southern Warm Infrared Galaxies}",
      journal = {\apjs},
     keywords = {Galaxies: Active, Galaxies: Fundamental Parameters, Galaxies: ISM, Galaxies: Starburst, Infrared: Galaxies, Techniques: Spectroscopic},
         year = 2001,
        month = Jan,
       volume = {132},
       number = {1},
        pages = {37-71},
          doi = {10.1086/318944},
       adsurl = {https://ui.adsabs.harvard.edu/abs/2001ApJS..132...37K},
      adsnote = {Provided by the SAO/NASA Astrophysics Data System}
}


@ARTICLE{2016ApJ...827..103K,
       author = {{Kreckel}, K. and {Blanc}, G.~A. and {Schinnerer}, E. and {Groves}, B. and
         {Adamo}, A. and {Hughes}, A. and {Meidt}, S.},
        title = "{Characterizing Spiral Arm and Interarm Star Formation}",
      journal = {\apj},
     keywords = {galaxies: individual: NGC 628, galaxies: ISM, galaxies: spiral, galaxies: star formation, H II regions, ISM: structure, Astrophysics - Astrophysics of Galaxies},
         year = 2016,
        month = Aug,
       volume = {827},
       number = {2},
          eid = {103},
        pages = {103},
          doi = {10.3847/0004-637X/827/2/103},
archivePrefix = {arXiv},
       eprint = {1603.08009},
 primaryClass = {astro-ph.GA},
       adsurl = {https://ui.adsabs.harvard.edu/abs/2016ApJ...827..103K},
      adsnote = {Provided by the SAO/NASA Astrophysics Data System}
}


@ARTICLE{kreckel2017,
       author = {{Kreckel}, K. and {Groves}, B. and {Bigiel}, F. and {Blanc}, G.~A. and
         {Kruijssen}, J.~M.~D. and {Hughes}, A. and {Schruba}, A. and
         {Schinnerer}, E.},
        title = "{A Revised Planetary Nebula Luminosity Function Distance to NGC 628 Using MUSE}",
      journal = {\apj},
     keywords = {galaxies: distances and redshifts, galaxies: individual: NGC 628, ISM: supernova remnants, planetary nebulae: general, Astrophysics - Astrophysics of Galaxies},
         year = 2017,
        month = Jan,
       volume = {834},
       number = {2},
          eid = {174},
        pages = {174},
          doi = {10.3847/1538-4357/834/2/174},
archivePrefix = {arXiv},
       eprint = {1611.09369},
 primaryClass = {astro-ph.GA},
       adsurl = {https://ui.adsabs.harvard.edu/abs/2017ApJ...834..174K},
      adsnote = {Provided by the SAO/NASA Astrophysics Data System}
}


@ARTICLE{2019arXiv191007190K,
       author = {{Kreckel}, K. and {Ho}, I. -T. and {Blanc}, G.~A. and {Groves}, B. and
         {Santoro}, F. and {Schinnerer}, E. and {Bigiel}, F. and {Chevance}, M. and
         {Congiu}, E. and {Emsellem}, E. and {Faesi}, C. and {Glover}, S.~C.~O. and
         {Grasha}, K. and {Kruijssen}, J.~M.~D. and {Lang}, P. and
         {Leroy}, A.~K. and {Meidt}, S.~E. and {McElroy}, R. and {Pety}, J. and
         {Rosolowsky}, E. and {Saito}, T. and {Sandstrom}, K. and
         {Sanchez-Blazquez}, P. and {Schruba}, A.},
        title = "{Mapping metallicity variations across nearby galaxy disks}",
      journal = {arXiv e-prints},
     keywords = {Astrophysics - Astrophysics of Galaxies},
         year = 2019,
        month = Oct,
          eid = {arXiv:1910.07190},
        pages = {arXiv:1910.07190},
archivePrefix = {arXiv},
       eprint = {1910.07190},
 primaryClass = {astro-ph.GA},
       adsurl = {https://ui.adsabs.harvard.edu/abs/2019arXiv191007190K},
      adsnote = {Provided by the SAO/NASA Astrophysics Data System}
}

@ARTICLE{1977A&A....60..147S,
       author = {{Sabbadin}, F. and {Minello}, S. and {Bianchini}, A.},
        title = "{Sharpless 176: a large, nearby planetary nebula.}",
      journal = {\aap},
         year = 1977,
        month = Aug,
       volume = {60},
        pages = {147-149},
       adsurl = {https://ui.adsabs.harvard.edu/abs/1977A&A....60..147S},
      adsnote = {Provided by the SAO/NASA Astrophysics Data System}
}

@ARTICLE{1987PASP...99..191S,
       author = {{Stetson}, Peter B.},
        title = "{DAOPHOT: A Computer Program for Crowded-Field Stellar Photometry}",
      journal = {\pasp},
     keywords = {Algorithms, Astronomical Photometry, Computer Programs, Charge Coupled Devices, Color-Magnitude Diagram, Magellanic Clouds, Point Spread Functions, Television Cameras, COMPUTER PROGRAMMING AND SOFTWARE, data-handling techniques, photometry (general)},
         year = 1987,
        month = Mar,
       volume = {99},
        pages = {191},
          doi = {10.1086/131977},
       adsurl = {https://ui.adsabs.harvard.edu/abs/1987PASP...99..191S},
      adsnote = {Provided by the SAO/NASA Astrophysics Data System}
}

@ARTICLE{1990PASP..102..932S,
       author = {{Stetson}, Peter B.},
        title = "{On the Growth-Curve Method for Calibrating Stellar Photometry with CCDs}",
      journal = {\pasp},
     keywords = {Astronomical Photometry, Calibrating, Charge Coupled Devices, Computer Programs, Stellar Spectrophotometry, Apertures, Data Processing, Star Clusters, Astronomy, PHOTOMETRY, INSTRUMENTS},
         year = 1990,
        month = Aug,
       volume = {102},
        pages = {932},
          doi = {10.1086/132719},
       adsurl = {https://ui.adsabs.harvard.edu/abs/1990PASP..102..932S},
      adsnote = {Provided by the SAO/NASA Astrophysics Data System}
}

@ARTICLE{1992JRASC..86...71S,
       author = {{Stetson}, Peter B.},
        title = "{Progress in CCD photometry.}",
      journal = {\jrasc},
     keywords = {Charge Coupled Devices, Stellar Spectrophotometry, Technology Assessment, Applications Programs (Computers), Astronomical Photometry, Astronomy},
         year = 1992,
        month = Apr,
       volume = {86},
        pages = {71},
       adsurl = {https://ui.adsabs.harvard.edu/abs/1992JRASC..86...71S},
      adsnote = {Provided by the SAO/NASA Astrophysics Data System}
}

@INPROCEEDINGS{1992ASPC...25..297S,
       author = {{Stetson}, Peter B.},
        title = "{More Experiments with DAOPHOT II and WF/PC Images}",
    booktitle = {Astronomical Data Analysis Software and Systems I},
         year = 1992,
       editor = {{Worrall}, Diana M. and {Biemesderfer}, Chris and {Barnes}, Jeannette},
       series = {Astronomical Society of the Pacific Conference Series},
       volume = {25},
        month = Jan,
        pages = {297},
       adsurl = {https://ui.adsabs.harvard.edu/abs/1992ASPC...25..297S},
      adsnote = {Provided by the SAO/NASA Astrophysics Data System}
}

@ARTICLE{2012MNRAS.424..157V,
       author = {{Vazdekis}, A. and {Ricciardelli}, E. and {Cenarro}, A.~J. and
         {Rivero-Gonz{\'a}lez}, J.~G. and {D{\'\i}az-Garc{\'\i}a}, L.~A. and
         {Falc{\'o}n-Barroso}, J.},
        title = "{MIUSCAT: extended MILES spectral coverage - I. Stellar population synthesis models}",
      journal = {\mnras},
     keywords = {stars: fundamental parameters, globular clusters: general, galaxies: abundances, galaxies: elliptical and lenticular, cD, galaxies: evolution, galaxies: stellar content, Astrophysics - Cosmology and Nongalactic Astrophysics},
         year = 2012,
        month = Jul,
       volume = {424},
       number = {1},
        pages = {157-171},
          doi = {10.1111/j.1365-2966.2012.21179.x},
archivePrefix = {arXiv},
       eprint = {1205.5496},
 primaryClass = {astro-ph.CO},
       adsurl = {https://ui.adsabs.harvard.edu/abs/2012MNRAS.424..157V},
      adsnote = {Provided by the SAO/NASA Astrophysics Data System}
}



