@Book{Newton+1687,
  author  = {{Newton}, Isaac},
  title   = {{Philosophiae Naturalis Principia Mathematica.}},
  year    = {1687},
  adskey  = {1687pnpm.book.....N},
  adsnote = {Provided by the SAO/NASA Astrophysics Data System},
  adsurl  = {https://ui.adsabs.harvard.edu/abs/1687pnpm.book.....N},
  doi     = {10.3931/e-rara-440},
}


@Article{Shapley+1921,
  author   = {{Shapley}, Harlow and {Curtis}, Heber D.},
  journal  = {Bulletin of the National Research Council},
  title    = {{The Scale of the Universe}},
  year     = {1921},
  month    = may,
  number   = {11},
  pages    = {171-217},
  volume   = {2},
  adskey   = {1921BuNRC...2..171S},
  adsnote  = {Provided by the SAO/NASA Astrophysics Data System},
  adsurl   = {https://ui.adsabs.harvard.edu/abs/1921BuNRC...2..171S},
  keywords = {cosmology, great debate},
}

@Article{Hubble+1929,
  author  = {{Hubble}, Edwin},
  journal = {\pnas},
  title   = {{A Relation between Distance and Radial Velocity among Extra-Galactic Nebulae}},
  year    = {1929},
  month   = mar,
  number  = {3},
  pages   = {168-173},
  volume  = {15},
  adskey  = {1929PNAS...15..168H},
  adsnote = {Provided by the SAO/NASA Astrophysics Data System},
  adsurl  = {https://ui.adsabs.harvard.edu/abs/1929PNAS...15..168H},
  doi     = {10.1073/pnas.15.3.168},
}
